% MKuhn: References in the bib file now appear in alphabetical order with regard to the first author

@article{salomon2013routine,
  title={Routine microsecond molecular dynamics simulations with AMBER on GPUs. 2. Explicit solvent particle mesh Ewald},
  author={Salomon-Ferrer, Romelia and Götz, Andreas W and Poole, Duncan and Le Grand, Scott and Walker, Ross C},
  journal={Journal of chemical theory and computation},
  volume={9},
  number={9},
  pages={3878--3888},
  year={2013},
  publisher={ACS Publications}
}

@misc{alchemistry,
title = {Alchemistry.org},
howpublished = {\url{http://www.alchemistry.org/wiki/Test_System_Repository}},
note = {Accessed: 2019-08-01}
}

@article{aldeghi2018accurate,
  title={Accurate Estimation of Ligand Binding Affinity Changes upon Protein Mutation},
  author={Aldeghi, Matteo and Gapsys, Vytautas and de Groot, Bert L},
  journal={ACS central science},
  volume={4},
  number={12},
  pages={1708--1718},
  year={2018},
  publisher={ACS Publications}
}

@incollection{aldeghi2019accurate,
  title={Accurate Calculation of Free Energy Changes upon Amino Acid Mutation},
  author={Aldeghi, Matteo and de Groot, Bert L and Gapsys, Vytautas},
  booktitle={Computational Methods in Protein Evolution},
  pages={19--47},
  year={2019},
  publisher={Springer}
}

@article{Boresch2003,
author = {Boresch, Stefan and Tettinger, Franz and Leitgeb, Martin and Karplus, Martin},
title = {Absolute Binding Free Energies:  A Quantitative Approach for Their Calculation},
journal = {The Journal of Physical Chemistry B},
volume = {107},
number = {35},
pages = {9535-9551},
year = {2003},
doi = {10.1021/jp0217839},
}

@article{Boyce:2009:JournalofMolecularBiology,
  title = {Predicting {{Ligand Binding Affinity}} with {{Alchemical Free Energy Methods}} in a {{Polar Model Binding Site}}},
  volume = {394},
  issn = {00222836},
  doi = {10.1016/j.jmb.2009.09.049},
  language = {en},
  number = {4},
  journal = {J. Mol. Biol.},
  author = {Boyce, Sarah E. and Mobley, David L. and Rocklin, Gabriel J. and Graves, Alan P. and Dill, Ken A. and Shoichet, Brian K.},
  month = dec,
  year = {2009},
  pages = {747-763},
  file = {/Users/dmobley/Zotero/storage/U9UFUVNV/1-s2.0-S0022283609011760-main.pdf}
}

@article{dakka2018concurrent,
author = {Jumana Dakka and Kristof Farkas{-}Pall and Vivek Balasubramanian and Matteo Turilli and David W. Wright and Shunzhou Wan and Stefan J. Zasada and Peter V. Coveney and Shantenu Jha},
title = {Rapid, concurrent and adaptive extreme scale binding free energy calculation},
journal = {CoRR},
volume = {abs/1801.01174},
year = {2018},
url = {http://arxiv.org/abs/1801.01174},
}


@misc{D3R,
title = {D3R Grand Challenges},
howpublished = {\url{https://drugdesigndata.org/about/grand-challenge}},
note = {Accessed: 2019-08-01}
}

@article{Gallicchio:2014:JournalofComputer-AidedMolecularDesign,
  title = {Virtual Screening of Integrase Inhibitors by Large Scale Binding Free Energy Calculations: The {{SAMPL4}} Challenge},
  volume = {28},
  issn = {0920-654X, 1573-4951},
  shorttitle = {Virtual Screening of Integrase Inhibitors by Large Scale Binding Free Energy Calculations},
  doi = {10.1007/s10822-014-9711-9},
  language = {en},
  number = {4},
  journal = {Journal of Computer-Aided Molecular Design},
  author = {Gallicchio, Emilio and Deng, Nanjie and He, Peng and Wickstrom, Lauren and Perryman, Alexander L. and Santiago, Daniel N. and Forli, Stefano and Olson, Arthur J. and Levy, Ronald M.},
  month = apr,
  year = {2014},
  pages = {475-490},
  file = {/Users/dmobley/Zotero/storage/ZCQVPMX4/art%3A10.1007%2Fs10822-014-9711-9.pdf}
}

@article{gapsys2016accurate,
  title={Accurate and Rigorous Prediction of the Changes in Protein Free Energies in a Large-Scale Mutation Scan},
  author={Gapsys, Vytautas and Michielssens, Servaas and Seeliger, Daniel and de Groot, Bert L},
  journal={Angewandte Chemie International Edition},
  volume={55},
  number={26},
  pages={7364--7368},
  year={2016},
  publisher={Wiley Online Library}
}

@article{gapsys2016insights,
  title={Insights from the First Principles Based Large Scale Protein Thermostability Calculations},
  author={Gapsys, Vytautas and Michielssens, Servaas and Seeliger, Daniel and de Groot, Bert L},
  journal={Biophysical Journal},
  volume={110},
  number={3},
  pages={368a},
  year={2016},
  publisher={Elsevier}
}

@article{gathiaka2016,

author = {Gathiaka, Symon and Liu, Shuai and Chiu, Michael and Yang, Huanwang and Stuckey, Jeanne A. and Kang, You Na and Delproposto, Jim and Kubish, Ginger and Dunbar, James B. and Carlson, Heather A. and Burley, Stephen K. and Walters, W. Patrick and Amaro, Rommie E.and Feher, Victoria A. and Gilson, Michael K. },
title = {D3R grand challenge 2015: Evaluation of protein-ligand pose and affinity predictions},
journal = {Journal of Computer-Aided Molecular Design},
year = {2016},
volume = {30},
number = {9},
pages = {651--668},
doi = {10.1007/s10822-016-9946-8}
}

@article{gaieb2018,
author = {Gaieb, Zied and Liu, Shuai and Gathiaka, Symon and Chiu, Michael and Yang, Huanwang and Shao, Chenghua and Feher, Victoria A. and Walters, W. Patrick and Kuhn, Bernd and Rudolph, Markus G. and Burley, Stephen K. and Gilson, Michael K. and Amaro, Rommie E.},
title = {D3R Grand Challenge 2: blind prediction of protein-ligand poses, affinity rankings, and relative binding free energies},
journal = {Journal of Computer-Aided Molecular Design},
year = {2018},
volume = {32},
number = {1},
pages = {1--20},
doi = {10.1007/s10822-017-0088-4}
}

@article{gaieb2019,
author = {Gaieb, Zied and Parks, Conor D. and Chiu, Michael and Yang, Huanwang and Shao, Chenghua and Walters, W. Patrick and Lambert, Millard H. and Nevins, Neysa and Bembenek, Scott D. and Ameriks, Michael K. and Mirzadegan, Tara and Burley, Stephen K. and Amaro, Rommie E. and Gilson, Michael K. },
title = {D3R Grand Challenge 3: blind prediction of protein-ligand poses and affinity rankings},
journal = {Journal of Computer-Aided Molecular Design},
year = {2019},
volume = {33},
number = {1},
pages = {1--18},
doi = {10.1007/s10822-018-0180-4}
}

@article{Gill:2018:J.Phys.Chem.B,
  title = {Binding {{Modes}} of {{Ligands Using Enhanced Sampling}} ({{BLUES}}): {{Rapid Decorrelation}} of {{Ligand Binding Modes}} via {{Nonequilibrium Candidate Monte Carlo}}},
  issn = {1520-6106},
  shorttitle = {Binding {{Modes}} of {{Ligands Using Enhanced Sampling}} ({{BLUES}})},
  doi = {10.1021/acs.jpcb.7b11820},
  journal = {J. Phys. Chem. B},
  author = {Gill, Samuel C. and Lim, Nathan M. and Grinaway, Patrick B. and Rustenburg, Ari\"en S. and Fass, Josh and Ross, Gregory A. and Chodera, John D. and Mobley, David L.},
  month = feb,
  year = {2018},
  file = {/Users/dmobley/Zotero/storage/N2FZXWNV/Gill et al. - 2018 - Binding Modes of Ligands Using Enhanced Sampling (.pdf;/Users/dmobley/Zotero/storage/MSMUA48K/acs.jpcb.html}
}

@article{Hermans1997,
author = {Hermans, Jan and Wang, Lu},
title = {Inclusion of Loss of Translational and Rotational Freedom in Theoretical Estimates of Free Energies of Binding. Application to a Complex of Benzene and Mutant T4 Lysozyme},
journal = {Journal of the American Chemical Society},
volume = {119},
number = {11},
pages = {2707-2714},
year = {1997},
doi = {10.1021/ja963568+},
}

@article{hauser2018predicting,
  title={Predicting resistance of clinical Abl mutations to targeted kinase inhibitors using alchemical free-energy calculations},
  author={Hauser, Kevin and Negron, Christopher and Albanese, Steven K and Ray, Soumya and Steinbrecher, Thomas and Abel, Robert and Chodera, John D and Wang, Lingle},
  journal={Communications Biology},
  volume={1},
  number={1},
  pages={70},
  year={2018},
  publisher={Nature Publishing Group}
}

@article{hahn2019alchemical,
author = {Hahn, David F. and Hunenberger, Philippe H.},
title = {Alchemical Free-Energy Calculations by Multiple-Replica lambda-Dynamics: The Conveyor Belt Thermodynamic Integration Scheme},
journal = {Journal of Chemical Theory and Computation},
volume = {15},
number = {4},
pages = {2392-2419},
year = {2019},
doi = {10.1021/acs.jctc.8b00782}
}

@article{harder2016,
author = {Harder, Edward and Damm, Wolfgang and Maple, Jon and Wu, Chuanjie and Reboul, Mark and Xiang, Jin Yu and Wang, Lingle and Lupyan, Dmitry and Dahlgren, Markus K. and Knight, Jennifer L. and Kaus, Joseph W. and Cerutti, David S. and Krilov, Goran and Jorgensen, William L. and Abel, Robert and Friesner, Richard A.},
title = {OPLS3: A Force Field Providing Broad Coverage of Drug-like Small Molecules and Proteins},
journal = {Journal of Chemical Theory and Computation},
volume = {12},
number = {1},
pages = {281-296},
year = {2016},
doi = {10.1021/acs.jctc.5b00864}
} 

@article{Kaus:2015:J.Chem.TheoryComput.,
  title = {How {{To Deal}} with {{Multiple Binding Poses}} in {{Alchemical Relative Protein}}-{{Ligand Binding Free Energy Calculations}}},
  volume = {11},
  journal = {J. Chem. Theory Comput.},
  author = {Kaus, J. W. and Harder, E. and Lin, T. and Abel, R. and McCammon, J. A. and Wang, L.},
  year = {2015},
  pages = {2670}
}

@article{klimovich2015guidelines,
author = {Klimovich, P.V., Shirts, M.R. and Mobley, D.L.},
title = {Guidelines for the analysis of free energy calculations},
journal = {Journal of Computer-Aided Molecular Design},
volume = {29},
number = {5},
pages = {397-411},
year = {2015},
doi = {10.1007/s10822-015-9840-9}
}

@article{Mann2000,
title = "Modeling protein-small molecule interactions: structure and thermodynamics of noble gases binding in a cavity in mutant phage T4 Lysozyme L99A11Edited by B. Honig",
journal = "Journal of Molecular Biology",
volume = "302",
number = "4",
pages = "979 - 989",
year = "2000",
issn = "0022-2836",
doi = "https://doi.org/10.1006/jmbi.2000.4064",
url = "http://www.sciencedirect.com/science/article/pii/S0022283600940646",
author = "Geoffrey Mann and Jan Hermans",
}

@misc{MCompChem2019Sep,
	author = {MCompChem},
	title = {{fep-benchmark}},
	journal = {GitHub},
	year = {2019},
	month = {Sep},
	note = {[Online; accessed 9. Dec. 2019]},
	url = {https://github.com/MCompChem/fep-benchmark}
}

@article{Mobley:2006:TheJournalofChemicalPhysics,
  title = {On the Use of Orientational Restraints and Symmetry Corrections in Alchemical Free Energy Calculations},
  volume = {125},
  issn = {0021-9606, 1089-7690},
  doi = {10.1063/1.2221683},
  language = {en},
  number = {8},
  journal = {The Journal of Chemical Physics},
  author = {Mobley, David L. and Chodera, John D. and Dill, Ken A.},
  month = aug,
  year = {2006},
  pages = {084902},
  file = {/Users/dmobley/Zotero/storage/GTZWQ4SB/Mobley_2006-J. Chem. Phys.pdf}
}

@article{Mobley:2007:JournalofMolecularBiology,
  title = {Predicting {{Absolute Ligand Binding Free Energies}} to a {{Simple Model Site}}},
  volume = {371},
  issn = {00222836},
  doi = {10.1016/j.jmb.2007.06.002},
  language = {en},
  number = {4},
  journal = {Journal of Molecular Biology},
  author = {Mobley, David L. and Graves, Alan P. and Chodera, John D. and McReynolds, Andrea C. and Shoichet, Brian K. and Dill, Ken A.},
  month = aug,
  year = {2007},
  pages = {1118-1134},
  file = {/Users/dmobley/Zotero/storage/F4XLKR26/1-s2.0-S0022283607007760-main.pdf}
}

@article{Mobley:2014:J.Comput.AidedMol.Des.,
  title = {Blind Prediction of {{HIV}} Integrase Binding from the {{SAMPL4}} Challenge},
  volume = {28},
  issn = {0920-654X, 1573-4951},
  doi = {10.1007/s10822-014-9723-5},
  language = {en},
  number = {4},
  journal = {J. Comput. Aided Mol. Des.},
  author = {Mobley, David L. and Liu, Shuai and Lim, Nathan M. and Wymer, Karisa L. and Perryman, Alexander L. and Forli, Stefano and Deng, Nanjie and Su, Justin and Branson, Kim and Olson, Arthur J.},
  month = apr,
  year = {2014},
  pages = {327-345}
}

@article{mobley2017,
author = {Mobley, David L. and Gilson, Michael K.},
title = {Predicting Binding Free Energies: Frontiers and Benchmarks},
journal = {Annual Review of Biophysics},
volume = {46},
number = {1},
pages = {531-558},
year = {2017},
doi = {10.1146/annurev-biophys-070816-033654}
}

@article{muddana2014,
author = {Muddana, Hari S. and Fenley, Andrew T. and Mobley, David L. and Gilson, Michael K.},
title = {The SAMPL4 host--guest blind prediction challenge: an overview},
journal = {Journal of Computer-Aided Molecular Design},
year = {2014},
volume = {28},
number = {4},
pages = {305--317},
doi = {10.1007/s10822-014-9735-1}
}

@article{Palma:2012:J.Comput.Chem.,
  title = {Computation of the Binding Affinities of Catechol-{{O}}-Methyltransferase Inhibitors: {{Multisubstate}} Relative Free Energy Calculations},
  volume = {33},
  copyright = {Copyright \textcopyright{} 2012 Wiley Periodicals, Inc.},
  issn = {1096-987X},
  shorttitle = {Computation of the Binding Affinities of Catechol-{{O}}-Methyltransferase Inhibitors},
  doi = {10.1002/jcc.22926},
  language = {en},
  number = {9},
  journal = {Journal of Computational Chemistry},
  author = {Palma, P. Nuno and Bonif\'acio, Maria Jo\~ao and Loureiro, Ana Isabel and Soares-da-Silva, Patr\'icio},
  month = apr,
  year = {2012},
  keywords = {BIA 9-1067,COMT inhibitor,free energy perturbation,multisubstate free energy calculations,Parkinson's disease,protein-ligand binding affinity},
  pages = {970-986},
  file = {/Users/dmobley/Zotero/storage/U332UL4H/Palma et al. - 2012 - Computation of the binding affinities of catechol-.pdf;/Users/dmobley/Zotero/storage/HVXB6T3F/jcc.html}
}

@article{paliwal2011,
author = {Paliwal, Himanshu and Shirts, Michael R.},
title = {A Benchmark Test Set for Alchemical Free Energy Transformations and Its Use to Quantify Error in Common Free Energy Methods},
journal = {Journal of Chemical Theory and Computation},
volume = {7},
number = {12},
pages = {4115-4134},
year = {2011},
doi = {10.1021/ct2003995}
}

@article{perez2019,
author = {Pérez-Benito, Laura and Casajuana-Martin, Nil and Jiménez-Rosés, Mireia and van Vlijmen, Herman and Tresadern, Gary},
title = {Predicting Activity Cliffs with Free-Energy Perturbation},
journal = {Journal of Chemical Theory and Computation},
volume = {15},
number = {3},
pages = {1884-1895},
year = {2019},
doi = {10.1021/acs.jctc.8b01290}
}

@article{PlountPrice:2000:J.Am.Chem.Soc.,
  title = {Analysis of {{Binding Affinities}} for {{Celecoxib Analogues}} with {{COX}}-1 and {{COX}}-2 from {{Combined Docking}} and {{Monte Carlo Simulations}} and {{Insight}} into the {{COX}}-2/{{COX}}-1 {{Selectivity}}},
  volume = {122},
  issn = {0002-7863},
  doi = {10.1021/ja001018c},
  number = {39},
  journal = {J. Am. Chem. Soc.},
  author = {Plount Price, Melissa L. and Jorgensen, William L.},
  month = oct,
  year = {2000},
  pages = {9455-9466},
  file = {/Users/dmobley/Zotero/storage/9F469WFB/Plount Price and Jorgensen - 2000 - Analysis of Binding Affinities for Celecoxib Analo.pdf;/Users/dmobley/Zotero/storage/UDJ32Y62/ja001018c.html}
}

@article{rizzi2018,
author={Rizzi, Andrea and Murkli, Steven and McNeill, John N. and Yao, Wei and Sullivan, Matthew
and Gilson, Michael K. and Chiu, Michael W. and Isaacs, Lyle and Gibb, Bruce C. and Mobley, David L.
and Chodera, John D.},
title={Overview of the SAMPL6 host--guest binding affinity prediction challenge},
journal={Journal of Computer-Aided Molecular Design},
year={2018},
volume={32},
number={10},
pages={937--963},
doi={10.1007/s10822-018-0170-6}
}

@article{Rocklin:2013:JournalofMolecularBiology,
  title = {Blind {{Prediction}} of {{Charged Ligand Binding Affinities}} in a {{Model Binding Site}}},
  volume = {425},
  issn = {00222836},
  doi = {10.1016/j.jmb.2013.07.030},
  language = {en},
  number = {22},
  journal = {Journal of Molecular Biology},
  author = {Rocklin, Gabriel J. and Boyce, Sarah E. and Fischer, Marcus and Fish, Inbar and Mobley, David L. and Shoichet, Brian K. and Dill, Ken A.},
  month = nov,
  year = {2013},
  pages = {4569-4583},
  file = {/Users/dmobley/Zotero/storage/VGQWGW3H/1-s2.0-S0022283613004774-main.pdf}
}

@article{roos2019,
author = {Roos, Katarina and Wu, Chuanjie and Damm, Wolfgang and Reboul, Mark and Stevenson, James M. and Lu, Chao and Dahlgren, Markus K. and Mondal, Sayan and Chen, Wei and Wang, Lingle and Abel, Robert and Friesner, Richard A. and Harder, Edward D.},
title = {OPLS3e: Extending Force Field Coverage for Drug-Like Small Molecules},
journal = {Journal of Chemical Theory and Computation},
volume = {15},
number = {3},
pages = {1863-1874},
year = {2019},
doi = {10.1021/acs.jctc.8b01026},
}

@misc{SAMPL,
title = {SAMPL Challenges},
howpublished = {\url{ https://samplchallenges.github.io/}},
note = {Accessed: 2019-08-01}
} 

@article{seeliger2010protein,
  title={Protein thermostability calculations using alchemical free energy simulations},
  author={Seeliger, Daniel and De Groot, Bert L},
  journal={Biophysical journal},
  volume={98},
  number={10},
  pages={2309--2316},
  year={2010},
  publisher={Elsevier}
}

@article{shirts2008statistically,
  title={Statistically optimal analysis of samples from multiple equilibrium states},
  author={Shirts, Michael R and Chodera, John D},
  journal={The Journal of chemical physics},
  volume={129},
  number={12},
  pages={124105},
  year={2008},
  publisher={AIP}
}

@article{song2019,
author = {Song, Lin Frank and Lee, Tai-Sung and Zhu, Chun and York, Darrin M. and Merz, Kenneth M.},
title = {Using AMBER18 for Relative Free Energy Calculations},
journal = {Journal of Chemical Information and Modeling},
volume = {59},
number = {7},
pages = {3128-3135},
year = {2019},
doi = {10.1021/acs.jcim.9b00105}
}

@article{steinbrecher2015,
author = {Steinbrecher, Thomas B. and Dahlgren, Markus and Cappel, Daniel and Lin, Teng and Wang, Lingle and Krilov, Goran and Abel, Robert and Friesner, Richard and Sherman, Woody},
title = {Accurate Binding Free Energy Predictions in Fragment Optimization},
journal = {Journal of Chemical Information and Modeling},
volume = {55},
number = {11},
pages = {2411-2420},
year = {2015},
doi = {10.1021/acs.jcim.5b00538}
}

@Article{sun2017barbased,
author = {Sun, Zhao X. and Wang, Xiao H. and Zhang, John Z. H.},
title = {BAR-based optimum adaptive sampling regime for variance minimization in alchemical transformation},
journal = {Phys. Chem. Chem. Phys.},
year = {2017},
volume = {19},
issue = {23},
pages = {15005-15020},
doi = {"10.1039/C7CP01561E}
}

@article{Voet:2014:JournalofComputer-AidedMolecularDesign,
  title = {Combining in Silico and in Cerebro Approaches for Virtual Screening and Pose Prediction in {{SAMPL4}}},
  volume = {28},
  issn = {0920-654X, 1573-4951},
  doi = {10.1007/s10822-013-9702-2},
  language = {en},
  number = {4},
  journal = {Journal of Computer-Aided Molecular Design},
  author = {Voet, Arnout R. D. and Kumar, Ashutosh and Berenger, Francois and Zhang, Kam Y. J.},
  month = apr,
  year = {2014},
  pages = {363-373}
}

@article{Wang:2013:JournalofComputer-AidedMolecularDesign,
  title = {Identifying Ligand Binding Sites and Poses Using {{GPU}}-Accelerated {{Hamiltonian}} Replica Exchange Molecular Dynamics},
  volume = {27},
  issn = {0920-654X, 1573-4951},
  doi = {10.1007/s10822-013-9689-8},
  language = {en},
  number = {12},
  journal = {Journal of Computer-Aided Molecular Design},
  author = {Wang, Kai and Chodera, John D. and Yang, Yanzhi and Shirts, Michael R.},
  month = dec,
  year = {2013},
  pages = {989-1007},
  file = {/Users/dmobley/Zotero/storage/VBPDHJWW/Wang et al. - 2013 - Identifying ligand binding sites and poses using G.pdf}
}

@article{wang2015,
author = {Wang, Lingle and Wu, Yujie and Deng, Yuqing and Kim, Byungchan and Pierce, Levi and Krilov, Goran and Lupyan, Dmitry and Robinson, Shaughnessy and Dahlgren, Markus K. and Greenwood, Jeremy and Romero, Donna L. and Masse, Craig and Knight, Jennifer L. and Steinbrecher, Thomas and Beuming, Thijs and Damm, Wolfgang and Harder, Ed and Sherman, Woody and Brewer, Mark and Wester, Ron and Murcko, Mark and Frye, Leah and Farid, Ramy and Lin, Teng and Mobley, David L. and Jorgensen, William L. and Berne, Bruce J. and Friesner, Richard A. and Abel, Robert},
title = {Accurate and Reliable Prediction of Relative Ligand Binding Potency in Prospective Drug Discovery by Way of a Modern Free-Energy Calculation Protocol and Force Field},
journal = {Journal of the American Chemical Society},
volume = {137},
number = {7},
pages = {2695-2703},
year = {2015},
doi = {10.1021/ja512751q}
}

@article{wang2017,
author = {Wang, Lingle and Deng, Yuqing and Wu, Yujie and Kim, Byungchan and LeBard, David N. and Wandschneider, Dan and Beachy, Mike and Friesner, Richard A. and Abel, Robert},
title = {Accurate Modeling of Scaffold Hopping Transformations in Drug Discovery},
journal = {Journal of Chemical Theory and Computation},
volume = {13},
number = {1},
pages = {42-54},
year = {2017},
doi = {10.1021/acs.jctc.6b00991}
}

@article{williams2017,
author = {Williams-Noonan, Billy J. and Yuriev, Elizabeth and Chalmers, David K.},
title = {Free Energy Methods in Drug Design: Prospects of “Alchemical Perturbation” in Medicinal Chemistry},
journal = {Journal of Medicinal Chemistry},
volume = {61},
number = {3},
pages = {638-649},
year = {2018},
doi = {10.1021/acs.jmedchem.7b00681}
}

@article{wu2005phasespace,
author = {Wu,Di and Kofke,David A.},
title = {Phase-space overlap measures. I. Fail-safe bias detection in free energies calculated by molecular simulation},
journal = {The Journal of Chemical Physics},
volume = {123},
number = {5},
pages = {054103},
year = {2005},
doi = {10.1063/1.1992483}
}

@article{Wu2005phasespacea,
author = {Wu,Di and Kofke,David A.},
title = {Phase-space overlap measures. II. Design and implementation of staging methods for free-energy calculations},
journal = {The Journal of Chemical Physics},
volume = {123},
number = {8},
pages = {084109},
year = {2005},
doi = {10.1063/1.2011391}
}

@article{yin2017,
author = {Yin, Jian and Henriksen, Niel M. and Slochower, David R. and Shirts, Michael R. and Chiu, Michael W. Mobley, David L. Gilson, Michael K.},
title = {Overview of the SAMPL5 host--guest challenge: Are we doing better? },
journal = {Journal of Computer-Aided Molecular Design},
year = {2017},
volume = {31},
number = {1},
pages = {1-19},
doi = {10.1007/s10822-016-9974-4}
}

@article{yu2017,
author = {Yu, Haoyu S. and Deng, Yuqing and Wu, Yujie and Sindhikara, Dan and Rask, Amy R. and Kimura, Takayuki and Abel, Robert and Wang, Lingle},
title = {Accurate and Reliable Prediction of the Binding Affinities of Macrocycles to Their Protein Targets},
journal = {Journal of Chemical Theory and Computation},
volume = {13},
number = {12},
pages = {6290-6300},
year = {2017},
doi = {10.1021/acs.jctc.7b00885}
}
