% Encoding: UTF-8

@Article{Pearlman_1994,
  author    = {Pearlman, David A.},
  title     = {A Comparison of Alternative Approaches to Free Energy Calculations},
  journal   = {The Journal of Physical Chemistry},
  year      = {1994},
  volume    = {98},
  number    = {5},
  pages     = {1487--1493},
  month     = feb,
  issn      = {1541-5740},
  doi       = {10.1021/j100056a020},
  publisher = {American Chemical Society (ACS)},
}

@Article{Axelsen_1998,
  author    = {Axelsen, Paul H. and Li, Daohui},
  title     = {Improved convergence in dual-topology free energy calculations through use of harmonic restraints},
  journal   = {Journal of Computational Chemistry},
  year      = {1998},
  volume    = {19},
  number    = {11},
  pages     = {1278--1283},
  month     = aug,
  issn      = {1096-987X},
  doi       = {10.1002/(sici)1096-987x(199808)19:11<1278::aid-jcc7>3.0.co;2-h},
  publisher = {Wiley},
}

@Article{Ries_2022,
  author    = {Ries, Benjamin and Rieder, Salomé and Rhiner, Clemens and Hünenberger, Philippe H. and Riniker, Sereina},
  title     = {RestraintMaker: a graph-based approach to select distance restraints in free-energy calculations with dual topology},
  journal   = {Journal of Computer-Aided Molecular Design},
  year      = {2022},
  volume    = {36},
  number    = {3},
  pages     = {175--192},
  month     = mar,
  issn      = {1573-4951},
  doi       = {10.1007/s10822-022-00445-6},
  publisher = {Springer Science and Business Media LLC},
}

@Article{Lee_2023,
  author    = {Lee, Tai-Sung and Tsai, Hsu-Chun and Ganguly, Abir and York, Darrin M.},
  title     = {ACES: Optimized Alchemically Enhanced Sampling},
  journal   = {Journal of Chemical Theory and Computation},
  year      = {2023},
  volume    = {19},
  number    = {2},
  pages     = {472--487},
  month     = jan,
  issn      = {1549-9626},
  doi       = {10.1021/acs.jctc.2c00697},
  publisher = {American Chemical Society (ACS)},
}

@Article{Baumann_2023,
  author    = {Baumann, Hannah M. and Dybeck, Eric and McClendon, Christopher L. and Pickard, Frank C. and Gapsys, Vytautas and Pérez-Benito, Laura and Hahn, David F. and Tresadern, Gary and Mathiowetz, Alan M. and Mobley, David L.},
  title     = {Broadening the Scope of Binding Free Energy Calculations Using a Separated Topologies Approach},
  journal   = {Journal of Chemical Theory and Computation},
  year      = {2023},
  volume    = {19},
  number    = {15},
  pages     = {5058--5076},
  month     = jul,
  issn      = {1549-9626},
  doi       = {10.1021/acs.jctc.3c00282},
  publisher = {American Chemical Society (ACS)},
}

@Article{Azimi_2022,
  author    = {Azimi, Solmaz and Khuttan, Sheenam and Wu, Joe Z. and Pal, Rajat K. and Gallicchio, Emilio},
  title     = {Relative Binding Free Energy Calculations for Ligands with Diverse Scaffolds with the Alchemical Transfer Method},
  journal   = {Journal of Chemical Information and Modeling},
  year      = {2022},
  volume    = {62},
  number    = {2},
  pages     = {309--323},
  month     = jan,
  issn      = {1549-960X},
  doi       = {10.1021/acs.jcim.1c01129},
  publisher = {American Chemical Society (ACS)},
}

@Article{Liesen_2024,
  author    = {Liesen, Michael P. and Vilseck, Jonah Z.},
  title     = {Superimposing Ligands with a Ligand Overlay as an Alternate Topology Model for λ-Dynamics-Based Calculations},
  journal   = {The Journal of Physical Chemistry B},
  year      = {2024},
  volume    = {128},
  number    = {46},
  pages     = {11359--11368},
  month     = nov,
  issn      = {1520-5207},
  doi       = {10.1021/acs.jpcb.4c04805},
  publisher = {American Chemical Society (ACS)},
}

@Article{Giese_2018,
  author    = {Giese, Timothy J. and York, Darrin M.},
  title     = {A GPU-Accelerated Parameter Interpolation Thermodynamic Integration Free Energy Method},
  journal   = {Journal of Chemical Theory and Computation},
  year      = {2018},
  volume    = {14},
  number    = {3},
  pages     = {1564--1582},
  month     = jan,
  issn      = {1549-9626},
  doi       = {10.1021/acs.jctc.7b01175},
  publisher = {American Chemical Society (ACS)},
}

@Article{Brooks_2009,
  author    = {Brooks, B. R. and Brooks, C. L. and Mackerell, A. D. and Nilsson, L. and Petrella, R. J. and Roux, B. and Won, Y. and Archontis, G. and Bartels, C. and Boresch, S. and Caflisch, A. and Caves, L. and Cui, Q. and Dinner, A. R. and Feig, M. and Fischer, S. and Gao, J. and Hodoscek, M. and Im, W. and Kuczera, K. and Lazaridis, T. and Ma, J. and Ovchinnikov, V. and Paci, E. and Pastor, R. W. and Post, C. B. and Pu, J. Z. and Schaefer, M. and Tidor, B. and Venable, R. M. and Woodcock, H. L. and Wu, X. and Yang, W. and York, D. M. and Karplus, M.},
  title     = {CHARMM: The biomolecular simulation program},
  journal   = {Journal of Computational Chemistry},
  year      = {2009},
  volume    = {30},
  number    = {10},
  pages     = {1545--1614},
  month     = may,
  issn      = {1096-987X},
  doi       = {10.1002/jcc.21287},
  publisher = {Wiley},
}

@Article{Boresch_2002,
  author    = {Boresch, Stefan},
  title     = {The Role of Bonded Energy Terms in Free Energy Simulations - Insights from Analytical Results},
  journal   = {Molecular Simulation},
  year      = {2002},
  volume    = {28},
  number    = {1–2},
  pages     = {13--37},
  month     = jan,
  issn      = {1029-0435},
  doi       = {10.1080/08927020211969},
  publisher = {Informa UK Limited},
}

@Article{Fleck_2021,
  author    = {Fleck, Markus and Wieder, Marcus and Boresch, Stefan},
  title     = {Dummy Atoms in Alchemical Free Energy Calculations},
  journal   = {Journal of Chemical Theory and Computation},
  year      = {2021},
  volume    = {17},
  number    = {7},
  pages     = {4403--4419},
  month     = jun,
  issn      = {1549-9626},
  doi       = {10.1021/acs.jctc.0c01328},
  publisher = {American Chemical Society (ACS)},
}

@Article{Shobana_2000,
  author    = {S., Shobana and Roux, Benoît and Andersen, Olaf S.},
  title     = {Free Energy Simulations: Thermodynamic Reversibility and Variability},
  journal   = {The Journal of Physical Chemistry B},
  year      = {2000},
  volume    = {104},
  number    = {21},
  pages     = {5179--5190},
  month     = may,
  issn      = {1520-5207},
  doi       = {10.1021/jp994193s},
  publisher = {American Chemical Society (ACS)},
}

@Article{Wang_2012,
  author    = {Wang, Lingle and Berne, B. J. and Friesner, Richard A.},
  title     = {On achieving high accuracy and reliability in the calculation of relative protein–ligand binding affinities},
  journal   = {Proceedings of the National Academy of Sciences},
  year      = {2012},
  volume    = {109},
  number    = {6},
  pages     = {1937--1942},
  month     = jan,
  issn      = {1091-6490},
  doi       = {10.1073/pnas.1114017109},
  publisher = {Proceedings of the National Academy of Sciences},
}

@Comment{jabref-meta: databaseType:bibtex;}
